[gd_scene load_steps=16 format=3 uid="uid://8xk2pxdknqx0"]

[ext_resource type="Script" path="res://ui/controls/controller_setup.gd" id="1_ji6bv"]
[ext_resource type="PackedScene" uid="uid://dkgwdmkbg00s4" path="res://objects/ball/blender/red_ball_01.blend" id="1_pl54h"]
[ext_resource type="PackedScene" uid="uid://hlugnqlnxnlq" path="res://ui/controls/snes_game_controller.glb" id="2_fq57j"]
[ext_resource type="AudioStream" uid="uid://bc65gn5ebaevc" path="res://ui/music/My Line - Synthwave - Royalty Free Music [oPBtR1raZdE].ogg" id="4_gxeyt"]
[ext_resource type="FontFile" uid="uid://4brybvpe8l7p" path="res://assets/fonts/LuckiestGuy.ttf" id="5_nshh3"]
[ext_resource type="AudioStream" uid="uid://dh1foaifhaw4o" path="res://ui/sounds/beep-6.ogg" id="6_0k4ys"]
[ext_resource type="AudioStream" uid="uid://c8w1tpbqbu2n1" path="res://ui/sounds/message-incoming.ogg" id="6_55i3b"]

[sub_resource type="CameraAttributesPractical" id="CameraAttributesPractical_dge6i"]

[sub_resource type="Animation" id="Animation_lfmq2"]
length = 0.001
tracks/0/type = "value"
tracks/0/imported = false
tracks/0/enabled = true
tracks/0/path = NodePath("snes_game_controller:rotation")
tracks/0/interp = 1
tracks/0/loop_wrap = true
tracks/0/keys = {
"times": PackedFloat32Array(0),
"transitions": PackedFloat32Array(1),
"update": 0,
"values": [Vector3(0.832923, 0, 0)]
}
tracks/1/type = "value"
tracks/1/imported = false
tracks/1/enabled = true
tracks/1/path = NodePath("OmniLight3D2:position")
tracks/1/interp = 1
tracks/1/loop_wrap = true
tracks/1/keys = {
"times": PackedFloat32Array(0),
"transitions": PackedFloat32Array(1),
"update": 0,
"values": [Vector3(-0.971733, 2.26451, 5.62947)]
}
tracks/2/type = "value"
tracks/2/imported = false
tracks/2/enabled = true
tracks/2/path = NodePath("OmniLight3D3:position")
tracks/2/interp = 1
tracks/2/loop_wrap = true
tracks/2/keys = {
"times": PackedFloat32Array(0),
"transitions": PackedFloat32Array(1),
"update": 0,
"values": [Vector3(1.88753, -0.584553, 5.62947)]
}

[sub_resource type="Animation" id="Animation_pqofy"]
resource_name = "main"
length = 10.0
loop_mode = 1
tracks/0/type = "value"
tracks/0/imported = false
tracks/0/enabled = true
tracks/0/path = NodePath("snes_game_controller:rotation")
tracks/0/interp = 1
tracks/0/loop_wrap = true
tracks/0/keys = {
"times": PackedFloat32Array(0, 3, 5, 7, 10),
"transitions": PackedFloat32Array(1, 1, 1, 1, 1),
"update": 0,
"values": [Vector3(0.832923, 0, 0), Vector3(0.883673, 0.0437396, -0.392139), Vector3(1.04053, -0.579736, -0.962635), Vector3(0.940739, -0.356508, -0.123476), Vector3(0.832923, 0, 0)]
}
tracks/1/type = "value"
tracks/1/imported = false
tracks/1/enabled = true
tracks/1/path = NodePath("OmniLight3D2:position")
tracks/1/interp = 1
tracks/1/loop_wrap = true
tracks/1/keys = {
"times": PackedFloat32Array(0, 5.1, 10),
"transitions": PackedFloat32Array(1, 1, 1),
"update": 0,
"values": [Vector3(-0.971733, 2.26451, 5.62947), Vector3(4.07388, 0.393642, 5.62947), Vector3(-0.971733, 2.26451, 5.62947)]
}
tracks/2/type = "value"
tracks/2/imported = false
tracks/2/enabled = true
tracks/2/path = NodePath("OmniLight3D3:position")
tracks/2/interp = 1
tracks/2/loop_wrap = true
tracks/2/keys = {
"times": PackedFloat32Array(0, 7.5, 10),
"transitions": PackedFloat32Array(1, 1, 1),
"update": 0,
"values": [Vector3(1.88753, -0.584553, 5.62947), Vector3(-1.76266, 2.02074, 5.62947), Vector3(1.88753, -0.584553, 5.62947)]
}

[sub_resource type="AnimationLibrary" id="AnimationLibrary_djad5"]
_data = {
"RESET": SubResource("Animation_lfmq2"),
"main": SubResource("Animation_pqofy")
}

[sub_resource type="Theme" id="Theme_7wp73"]
default_font = ExtResource("5_nshh3")
default_font_size = 50

[sub_resource type="Animation" id="Animation_fk2wu"]
length = 0.001
tracks/0/type = "value"
tracks/0/imported = false
tracks/0/enabled = true
tracks/0/path = NodePath(".:modulate")
tracks/0/interp = 1
tracks/0/loop_wrap = true
tracks/0/keys = {
"times": PackedFloat32Array(0),
"transitions": PackedFloat32Array(1),
"update": 0,
"values": [Color(1, 1, 1, 1)]
}
tracks/1/type = "value"
tracks/1/imported = false
tracks/1/enabled = true
tracks/1/path = NodePath("music:volume_db")
tracks/1/interp = 1
tracks/1/loop_wrap = true
tracks/1/keys = {
"times": PackedFloat32Array(0),
"transitions": PackedFloat32Array(1),
"update": 0,
"values": [0.0]
}

[sub_resource type="Animation" id="Animation_skhkd"]
resource_name = "exit"
length = 2.0
tracks/0/type = "value"
tracks/0/imported = false
tracks/0/enabled = true
tracks/0/path = NodePath(".:modulate")
tracks/0/interp = 1
tracks/0/loop_wrap = true
tracks/0/keys = {
"times": PackedFloat32Array(0, 2),
"transitions": PackedFloat32Array(1, 1),
"update": 0,
"values": [Color(1, 1, 1, 1), Color(1, 1, 1, 0)]
}
tracks/1/type = "value"
tracks/1/imported = false
tracks/1/enabled = true
tracks/1/path = NodePath("music:volume_db")
tracks/1/interp = 1
tracks/1/loop_wrap = true
tracks/1/keys = {
"times": PackedFloat32Array(0, 2),
"transitions": PackedFloat32Array(1, 1),
"update": 0,
"values": [0.0, -80.0]
}
tracks/2/type = "method"
tracks/2/imported = false
tracks/2/enabled = true
tracks/2/path = NodePath(".")
tracks/2/interp = 1
tracks/2/loop_wrap = true
tracks/2/keys = {
"times": PackedFloat32Array(2),
"transitions": PackedFloat32Array(1),
"values": [{
"args": [],
"method": &"next"
}]
}
tracks/3/type = "audio"
tracks/3/imported = false
tracks/3/enabled = true
tracks/3/path = NodePath("continue_snd")
tracks/3/interp = 1
tracks/3/loop_wrap = true
tracks/3/keys = {
"clips": [{
"end_offset": 0.0,
"start_offset": 0.0,
"stream": ExtResource("6_55i3b")
}],
"times": PackedFloat32Array(0.3)
}
tracks/3/use_blend = true

[sub_resource type="AnimationLibrary" id="AnimationLibrary_u31pl"]
_data = {
"RESET": SubResource("Animation_fk2wu"),
"exit": SubResource("Animation_skhkd")
}

[node name="controllers" type="Control"]
layout_mode = 3
anchors_preset = 15
anchor_right = 1.0
anchor_bottom = 1.0
grow_horizontal = 2
grow_vertical = 2
script = ExtResource("1_ji6bv")

[node name="red_ball_01" parent="." instance=ExtResource("1_pl54h")]
transform = Transform3D(5, 0, 0, 0, 5, 0, 0, 0, 5, 0, 0, 0)

[node name="WorldEnvironment" type="WorldEnvironment" parent="."]
camera_attributes = SubResource("CameraAttributesPractical_dge6i")

[node name="OmniLight3D" type="OmniLight3D" parent="."]
transform = Transform3D(1, 0, 0, 0, 1, 0, 0, 0, 1, -0.317428, -0.574821, 8.36506)

[node name="OmniLight3D2" type="OmniLight3D" parent="."]
transform = Transform3D(1, 0, 0, 0, 1, 0, 0, 0, 1, -0.971733, 2.26451, 5.62947)
light_energy = 3.0

[node name="OmniLight3D3" type="OmniLight3D" parent="."]
transform = Transform3D(1, 0, 0, 0, 1, 0, 0, 0, 1, 1.88753, -0.584553, 5.62947)
light_energy = 3.0

[node name="snes_game_controller" parent="." instance=ExtResource("2_fq57j")]
transform = Transform3D(0.2, 0, 0, 0, 0.134543, -0.14798, 0, 0.14798, 0.134543, 0, -0.414, 6.786)

[node name="AnimationPlayer" type="AnimationPlayer" parent="."]
autoplay = "main"
libraries = {
"": SubResource("AnimationLibrary_djad5")
}

[node name="music" type="AudioStreamPlayer" parent="."]
stream = ExtResource("4_gxeyt")
autoplay = true

[node name="SubViewportContainer" type="SubViewportContainer" parent="."]
layout_mode = 1
anchors_preset = 15
anchor_right = 1.0
anchor_bottom = 1.0
grow_horizontal = 2
grow_vertical = 2
stretch = true

[node name="SubViewport" type="SubViewport" parent="SubViewportContainer"]
handle_input_locally = false
size = Vector2i(1152, 648)
render_target_update_mode = 4

[node name="Camera3D" type="Camera3D" parent="SubViewportContainer/SubViewport"]
transform = Transform3D(1, 0, 0, 0, 1, 0, 0, 0, 1, 0, 0, 8.83006)

[node name="title" type="Label" parent="."]
layout_mode = 1
anchors_preset = 10
anchor_right = 1.0
offset_bottom = 142.0
grow_horizontal = 2
theme = SubResource("Theme_7wp73")
theme_override_colors/font_outline_color = Color(0, 0, 0, 1)
theme_override_constants/outline_size = 5
text = "Contoller Setup"
horizontal_alignment = 1
vertical_alignment = 1

[node name="msg" type="Label" parent="."]
layout_mode = 1
anchors_preset = 14
anchor_top = 0.5
anchor_right = 1.0
anchor_bottom = 0.5
offset_top = -27.0
offset_bottom = 27.0
grow_horizontal = 2
grow_vertical = 2
theme = SubResource("Theme_7wp73")
theme_override_colors/font_outline_color = Color(0, 0, 0, 1)
theme_override_constants/outline_size = 5
text = "Press a Button Twice
on Controller #1"
horizontal_alignment = 1
vertical_alignment = 1

[node name="exit" type="AnimationPlayer" parent="."]
libraries = {
"": SubResource("AnimationLibrary_u31pl")
}

[node name="button_snd" type="AudioStreamPlayer" parent="."]
stream = ExtResource("6_0k4ys")

[node name="continue_snd" type="AudioStreamPlayer" parent="."]
stream = ExtResource("6_55i3b")
